%% This BibTeX bibliography file was created using BibDesk.
%% http://bibdesk.sourceforge.net/


%% Created for Patrick BÃ¤nziger at 2011-06-20 14:23:19 +0200 


%% Saved with string encoding Unicode (UTF-8) 



@article{matchingpursuit93,
	Author = {Bergeaud, F. and Mallat, S.},
	Date-Added = {2011-06-20 14:11:56 +0200},
	Date-Modified = {2011-06-20 14:16:34 +0200},
	Journal = {International Conference on Image Processing},
	Pages = {53 - 56},
	Title = {Matching pursuit of images},
	Volume = {1},
	Year = {1995}}
